<record><leader>00000cas a22000007a 4500</leader><controlfield tag="001">10670278</controlfield><controlfield tag="008">840427d19081918ohuwr ne      0    0ger d</controlfield><datafield ind1=" " ind2=" " tag="010"><subfield code="a">sn 84028279 </subfield></datafield><datafield ind1=" " ind2=" " tag="040"><subfield code="a">NPY</subfield><subfield code="b">eng</subfield><subfield code="c">NPY</subfield><subfield code="d">NPV</subfield><subfield code="d">ONP</subfield><subfield code="d">OCLCQ</subfield><subfield code="d">OCLCF</subfield><subfield code="d">OCLCO</subfield><subfield code="d">OCLCQ</subfield></datafield><datafield ind1="0" ind2=" " tag="041"><subfield code="a">ger</subfield><subfield code="a">eng</subfield></datafield><datafield ind1=" " ind2=" " tag="042"><subfield code="a">msc</subfield></datafield><datafield ind1=" " ind2=" " tag="043"><subfield code="a">n-us-oh</subfield></datafield><datafield ind1="0" ind2="0" tag="245"><subfield code="a">Volksfreund und Arbeiter Zeitung.</subfield></datafield><datafield ind1=" " ind2=" " tag="260"><subfield code="a">Cleveland, Ohio :</subfield><subfield code="b">Sozialistische Arbeiter Partei,</subfield><subfield code="c">1908-</subfield></datafield><datafield ind1=" " ind2=" " tag="300"><subfield code="a">volumes :</subfield><subfield code="b">illustrations ;</subfield><subfield code="c">54 cm</subfield></datafield><datafield ind1=" " ind2=" " tag="310"><subfield code="a">Weekly</subfield></datafield><datafield ind1=" " ind2=" " tag="336"><subfield code="a">text</subfield><subfield code="b">txt</subfield><subfield code="2">rdacontent</subfield></datafield><datafield ind1=" " ind2=" " tag="337"><subfield code="a">unmediated</subfield><subfield code="b">n</subfield><subfield code="2">rdamedia</subfield></datafield><datafield ind1=" " ind2=" " tag="338"><subfield code="a">volume</subfield><subfield code="b">nc</subfield><subfield code="2">rdacarrier</subfield></datafield><datafield ind1="0" ind2=" " tag="362"><subfield code="a">Jahrg. 23, Nr. 30 (25. Juli 1908)-</subfield></datafield><datafield ind1="1" ind2=" " tag="362"><subfield code="a">Ceased with Jan. 26, 1918 issue?</subfield></datafield><datafield ind1=" " ind2=" " tag="500"><subfield code="a">"Socialist."</subfield></datafield><datafield ind1=" " ind2=" " tag="500"><subfield code="a">Editor: Richard Koeppel.</subfield></datafield><datafield ind1=" " ind2=" " tag="546"><subfield code="a">In German with some columns in English.</subfield></datafield><datafield ind1=" " ind2=" " tag="550"><subfield code="a">Offizielles deutsches Organ der Sozialistischen Arbeiter-Partei.</subfield></datafield><datafield ind1=" " ind2="0" tag="650"><subfield code="a">Germans</subfield><subfield code="z">Ohio</subfield><subfield code="v">Newspapers.</subfield></datafield><datafield ind1=" " ind2="0" tag="650"><subfield code="a">Socialism</subfield><subfield code="z">Ohio</subfield><subfield code="v">Newspapers.</subfield></datafield><datafield ind1=" " ind2="4" tag="651"><subfield code="a">Cleveland (Ohio)</subfield><subfield code="v">Newspapers.</subfield></datafield><datafield ind1=" " ind2="4" tag="651"><subfield code="a">Cuyahoga County (Ohio)</subfield><subfield code="v">Newspapers.</subfield></datafield><datafield ind1=" " ind2="7" tag="650"><subfield code="a">Germans.</subfield><subfield code="2">fast</subfield><subfield code="0">(OCoLC)fst00942100</subfield></datafield><datafield ind1=" " ind2="7" tag="650"><subfield code="a">Socialism.</subfield><subfield code="2">fast</subfield><subfield code="0">(OCoLC)fst01123637</subfield></datafield><datafield ind1=" " ind2="7" tag="651"><subfield code="a">Ohio.</subfield><subfield code="2">fast</subfield><subfield code="0">(OCoLC)fst01205075</subfield></datafield><datafield ind1=" " ind2="7" tag="655"><subfield code="a">Newspapers.</subfield><subfield code="2">fast</subfield><subfield code="0">(OCoLC)fst01423814</subfield></datafield><datafield ind1="1" ind2=" " tag="700"><subfield code="a">Koeppel, Richard.</subfield></datafield><datafield ind1="2" ind2=" " tag="710"><subfield code="a">Sozialistische Arbeiter Partei (Cleveland, Ohio)</subfield></datafield><datafield ind1=" " ind2=" " tag="752"><subfield code="a">United States</subfield><subfield code="b">Ohio</subfield><subfield code="c">Cuyahoga</subfield><subfield code="d">Cleveland.</subfield></datafield><datafield ind1="0" ind2="4" tag="780"><subfield code="t">Clevelander Volksfreund</subfield></datafield><datafield ind1="0" ind2="4" tag="780"><subfield code="t">Sozialistische Arbeiter Zeitung</subfield></datafield><datafield ind1="1" ind2=" " tag="029"><subfield code="a">AU@</subfield><subfield code="b">000020338422</subfield></datafield></record>